<record><leader>00000cas a22000007a 4500</leader><controlfield tag="001">17913007</controlfield><controlfield tag="008">880506d18831915nyudr ne      0    0eng d</controlfield><datafield ind1=" " ind2=" " tag="010"><subfield code="a">sn 88075699 </subfield></datafield><datafield ind1=" " ind2=" " tag="040"><subfield code="a">NYG</subfield><subfield code="b">eng</subfield><subfield code="c">NYG</subfield><subfield code="d">NYS</subfield><subfield code="d">OCLCQ</subfield></datafield><datafield ind1=" " ind2=" " tag="042"><subfield code="a">msc</subfield></datafield><datafield ind1="0" ind2="0" tag="245"><subfield code="a">Poughkeepsie news-press.</subfield></datafield><datafield ind1=" " ind2=" " tag="260"><subfield code="a">[Poughkeepsie, N.Y.] :</subfield><subfield code="b">Poughkeepsie News Co.</subfield></datafield><datafield ind1=" " ind2=" " tag="300"><subfield code="a">v.</subfield></datafield><datafield ind1=" " ind2=" " tag="310"><subfield code="a">Daily</subfield></datafield><datafield ind1="1" ind2=" " tag="362"><subfield code="a">Began in 1883?</subfield></datafield><datafield ind1="0" ind2=" " tag="362"><subfield code="a">-v. 125, no. 86 (Apr. 10, 1915).</subfield></datafield><datafield ind1=" " ind2=" " tag="515"><subfield code="a">Continues the numbering of; Poughkeepsie daily news, and; Poughkeepsie daily press.</subfield></datafield><datafield ind1=" " ind2=" " tag="588"><subfield code="a">Description based on: Daily news v. 12, no. 70 (July 26, 1883) = Daily press v. 31, no. 100.</subfield></datafield><datafield ind1=" " ind2="4" tag="651"><subfield code="a">Poughkeepsie (N.Y.)</subfield><subfield code="v">Newspapers.</subfield></datafield><datafield ind1=" " ind2=" " tag="752"><subfield code="a">United States</subfield><subfield code="b">New York</subfield><subfield code="c">Dutchess</subfield><subfield code="d">Poughkeepsie.</subfield></datafield><datafield ind1="0" ind2="4" tag="780"><subfield code="t">Poughkeepsie daily news</subfield><subfield code="w">(DLC)sn 85026984</subfield></datafield><datafield ind1="0" ind2="4" tag="780"><subfield code="t">Poughkeepsie daily press</subfield><subfield code="w">(DLC)sn 83031842</subfield></datafield><datafield ind1="0" ind2="7" tag="785"><subfield code="t">Poughkeepsie daily eagle</subfield><subfield code="w">(DLC)sn 83031739</subfield></datafield><datafield ind1="0" ind2="7" tag="785"><subfield code="t">Poughkeepsie eagle-news</subfield><subfield code="w">(DLC)sn 84031304</subfield></datafield><datafield ind1="1" ind2=" " tag="029"><subfield code="a">AU@</subfield><subfield code="b">000020504322</subfield></datafield></record>